<record xmlns="http://www.loc.gov/MARC21/slim" xmlns:xsi="http://www.w3.org/2001/XMLSchema-instance" xsi:schemaLocation="http://www.loc.gov/MARC21/slim http://www.loc.gov/standards/marcxml/schema/MARC21slim.xsd"><leader>01457nam a2200313   4500</leader><controlfield tag="001">001699462</controlfield><controlfield tag="003">NNU</controlfield><controlfield tag="006">m        d        </controlfield><controlfield tag="007">cr cn |||m|||a</controlfield><controlfield tag="008">150110s1954    sy      o     000 0 araod</controlfield><datafield ind1=" " ind2=" " tag="040"><subfield code="a">NNU</subfield><subfield code="b">eng</subfield><subfield code="c">NNU</subfield></datafield><datafield ind1=" " ind2=" " tag="066"><subfield code="c">(3</subfield></datafield><datafield ind1=" " ind2=" " tag="090"><subfield code="a">PJ6161</subfield><subfield code="b">.N3</subfield></datafield><datafield ind1="1" ind2=" " tag="100"><subfield code="6">880-01</subfield><subfield code="a">Nakhla, Rafa&#235;l.</subfield></datafield><datafield ind1="1" ind2="0" tag="245"><subfield code="6">880-02</subfield><subfield code="a">Arba&#699;at &#257;l&#257;f &#699;arb&#257;w&#299;yah</subfield><subfield code="h">[electronic resource] :</subfield><subfield code="b">ay ta&#699;b&#299;r mukhta&#7779; bi-al-lughah al-&#699;Arab&#299;yah /</subfield><subfield code="c">bi-qalam Raf&#257;i&#772;&#789;l Nakhlah al-Yas&#363;&#699;&#299;.</subfield></datafield><datafield ind1=" " ind2=" " tag="260"><subfield code="6">880-03</subfield><subfield code="a">&#7716;alab :</subfield><subfield code="b">Ma&#7789;b&#699;at al-I&#7717;s&#257;n,</subfield><subfield code="c">1954.</subfield></datafield><datafield ind1=" " ind2=" " tag="300"><subfield code="a">online resource (128 p.)</subfield></datafield><datafield ind1=" " ind2=" " tag="500"><subfield code="a">Part of the Arabic Collections Online (ACO) project, contributed by New York Univeristy Libraries.</subfield></datafield><datafield ind1=" " ind2=" " tag="533"><subfield code="a">Electronic reproduction.</subfield><subfield code="b">New York, N.Y. :</subfield><subfield code="c">New York University,</subfield><subfield code="d">2015.</subfield><subfield code="5">NNU</subfield></datafield><datafield ind1=" " ind2="0" tag="650"><subfield code="a">Arabic language</subfield><subfield code="v">Terms and phrases.</subfield></datafield><datafield ind1="2" ind2=" " tag="710"><subfield code="a">New York University.</subfield><subfield code="b">Libraries.</subfield></datafield><datafield ind1="0" ind2=" " tag="730"><subfield code="a">Arabic Collections Online.</subfield></datafield><datafield ind1="0" ind2="8" tag="776"><subfield code="i">Print version:</subfield><subfield code="a">Nakhla, Rafa&#235;l.</subfield><subfield code="t">Arba&#699;at &#257;l&#257;f &#699;arb&#257;w&#299;yah</subfield><subfield code="w">(NNU)001699462</subfield></datafield><datafield ind1="4" ind2="0" tag="856"><subfield code="u">http://hdl.handle.net/2333.1/gf1vhkf5</subfield></datafield><datafield ind1="1" ind2=" " tag="880"><subfield code="6">100-01/</subfield><subfield code="a">&#1606;&#1582;&#1604;&#1607;&#1548; &#1585;&#1601;&#1575;&#1574;&#1610;&#1604;.</subfield></datafield><datafield ind1="1" ind2="0" tag="880"><subfield code="6">245-02/</subfield><subfield code="a">&#1575;&#1585;&#1576;&#1593;&#1577; &#1575;&#1604;&#1575;&#1601; &#1593;&#1585;&#1576;&#1575;&#1608;&#1610;&#1577; :</subfield><subfield code="b">&#1576;&#1578;&#1593;&#1576;&#1610;&#1585; &#1605;&#1582;&#1578;&#1589; &#1576;&#1575;&#1604;&#1604;&#1594;&#1577; &#1575;&#1604;&#1593;&#1585;&#1576;&#1610;&#1577; /</subfield><subfield code="c">&#1578;&#1575;&#1604;&#1610;&#1601; &#1585;&#1601;&#1575;&#1574;&#1610;&#1604; &#1606;&#1582;&#1604;&#1607; &#1575;&#1604;&#1610;&#1587;&#1608;&#1593;&#1609;.</subfield></datafield><datafield ind1=" " ind2=" " tag="880"><subfield code="6">260-03/</subfield><subfield code="a">&#1581;&#1604;&#1576; :</subfield><subfield code="b">&#1605;&#1603;&#1578;&#1576;&#1577; &#1575;&#1604;&#1575;&#1581;&#1587;&#1575;&#1606;&#1548;</subfield><subfield code="c">&#1633;&#1641;&#1637;&#1636;.</subfield></datafield><datafield ind1=" " ind2=" " tag="959"><subfield code="a">NNU</subfield><subfield code="b">WEB</subfield><subfield code="c">GENI</subfield><subfield code="t">0</subfield><subfield code="m">Electronic access</subfield><subfield code="s">01</subfield></datafield><datafield ind1=" " ind2=" " tag="999"><subfield code="i">NNU_001699462</subfield><subfield code="o" /></datafield></record>